% The example bibliographical entries below were borrowed from the
% <https://www.ctan.org/pkg/biblatex-iso690> package documentation.

% BORGMAN, Christine L., 2003. From Gutenberg to the global information
% infrastructure: access to information in the networked world. First. Cambridge
% (Mass): The MIT Press. ISBN 0-262-52345-0 [xviii, 324]

% @BOOK{borgman03,
%   author    = {Borgman, Christine L.},
%   date      = {2003},
%   title     = {From Gutenberg to the global information infrastructure},
%   subtitle  = {access to information in the networked world},
%   edition   = {1}, % should not be stated
%   location  = {Cambridge (Mass)},
%   publisher = {The MIT Press},
%   pagetotal = {xviii, 324},
%   isbn      = {0-262-52345-0},
%   langid    = {english}
% }

% % GREENBERG, David, 1998. Camel drivers and gatecrashers: quality control in
% % the digital research library. In: HAWKINS, B.L et al. (eds.). The mirage of
% % continuity: reconfiguring academic information resources for the 21st
% % century.  Washington (D.C.): Council on Library and Information Resources;
% % Association of American Universities, pp. 105–116

% @INCOLLECTION{greenberg98,
%   crossref  = {mirage98},
%   author    = {Greenberg, David},
%   title     = {Camel drivers and gatecrashers},
%   subtitle  = {quality control in the digital research library},
%   pages     = {105-116},
% }

% @COLLECTION{mirage98,
%   title     = {The mirage of continuity},
%   subtitle  = {reconfiguring academic information
%               resources for the 21st century},
%   editor    = {Hawkins, B.L and Battin, P},
%   date      = {1998},
%   location  = {Washington (D.C.)},
%   publisher = {Council on Library and Information Resources;
%               Association of American Universities},
%   langid    = {english}
% }

% % LYNCH, C., 2005. Where do we go from here?: the next decade for digital
% % libraries. DLib Magazine [online]. Vol. 11, no. 7/8 [visited on 2005-08-15].
% % ISSN 1082-9873.  Available from:
% % http://www.dlib.org/dlib/july05/lynch/07lynch.html

% @ARTICLE{lynch05,
%   crossref = {dlib},
%   author   = {Lynch, C.},
%   title    = {Where do we go from here?},
%   subtitle = {the next decade for digital libraries},
%   url      = {http://www.dlib.org/dlib/july05/lynch/07lynch.html},
%   urldate  = {2005-08-15}
% }

% @PERIODICAL{dlib,
%   journaltitle = {DLib Magazine},
%   date         = {2005},
%   volume       = {11},
%   number       = {7/8},
%   issn         = {1082-9873},
%   langid       = {english},
% }

% % HÀN, Thé Thành, 2001. Micro-typographic extensions to the TEX type- setting
% % system [online]. Brno [visited on 2016-12-09]. Available from:
% % http://www.pragma-ade.nl/pdftex/thesis.pdf. PhD thesis. The Faculty of
% % Informatics, Masaryk University.

% @PHDTHESIS{thanh01,
%   author      = {Hàn Thé, Thành},
%   title       = {Micro-typographic extensions to the \TeX{} typesetting system},
%   date        = {2001},
%   institution = {The Faculty of Informatics, Masaryk University},
%   location    = {Brno},
%   url         = {http://www.pragma-ade.nl/pdftex/thesis.pdf},
%   urldate     = {2016-12-09},
%   langid      = {english}
% }

% % SHANNON, Claude Elwood, 1940. A symbolic analysis of relay and switching
% % circuits. Available from DOI: 1721.1/11173. Master’s thesis.  Massachusetts
% % Institute of Technology.

% @MASTERSTHESIS{shannon40,
%   author      = {Shannon, Claude Elwood},
%   title       = {A symbolic analysis of relay and switching circuits},
%   date        = {1940},
%   institution = {Massachusetts Institute of Technology},
%   langid      = {english},
%   doi         = {1721.1/11173},
% }

% % EHLINGER JR., Philip Charles. Device for the treatment of hiccups. US.
% % US Patent, 7062320.

% @PATENT{ehlinger06,
%   author   = {Ehlinger Jr., Philip Charles},
%   title    = {Device for the treatment of hiccups},
%   type     = {US Patent},
%   location = {US},
%   date     = {2006},
%   number   = {7062320},
%   langid   = {english}
% }

% % Masaryk University, 1996–2009 [online]. Brno: Masaryk University
% % [visited on 2016-12-09]. Available from: https://www.muni.cz/en.

% @ONLINE{muni,
%   publisher = {Masaryk University},
%   title     = {Masaryk University},
%   date      = {1996/2009},
%   url       = {https://www.muni.cz/en},
%   urldate   = {2016-12-09},
%   location  = {Brno},
%   langid    = {english}
% }

@ARTICLE{lynch05ret,
  crossref = {dlib},
  author   = {Lynch, C.},
  title    = {Where do we go from here?},
  subtitle = {the next decade for digital libraries},
  url      = {http://www.dlib.org/dlib/july05/lynch/07lynch.html},
  urldate  = {2005-08-15}
}

@article{p:1,
   title={Understanding the Factors That Impact the Popularity of GitHub Repositories},
   ISBN={9781509038060},
   url={http://dx.doi.org/10.1109/ICSME.2016.31},
   DOI={10.1109/icsme.2016.31},
   journal={2016 IEEE International Conference on Software Maintenance and Evolution (ICSME)},
   publisher={IEEE},
   author={Borges, Hudson and Hora, Andre and Valente, Marco Tulio},
   year={2016},
   month={Oct}
}

@article{p:2,
   title={Predicting the Popularity of GitHub Repositories},
   ISBN={9781450347723},
   url={http://dx.doi.org/10.1145/2972958.2972966},
   DOI={10.1145/2972958.2972966},
   journal={Proceedings of the The 12th International Conference on Predictive Models and Data Analytics in Software Engineering},
   publisher={ACM},
   author={Borges, Hudson and Hora, Andre and Valente, Marco Tulio},
   year={2016},
   month={Sep}
}

@article{p:3,
    title = {Co-Evolution of Project Documentation and Popularity within Github},
    author = {Aggarwal, Karan and Hindle, Abram and Stroulia, Eleni},
    year = {2014},
    isbn = {9781450328630},
    publisher = {Association for Computing Machinery},
    url = {https://doi.org/10.1145/2597073.2597120},
    doi = {10.1145/2597073.2597120},
    booktitle = {Proceedings of the 11th Working Conference on Mining Software Repositories},
    pages = {360–363},
    numpages = {4}
}

@article{p:4,
    author = {Zhu, Jiaxin and Zhou, Minghui and Mockus, Audris},
    title = {Patterns of Folder Use and Project Popularity: A Case Study of Github Repositories},
    year = {2014},
    isbn = {9781450327749},
    publisher = {Association for Computing Machinery},
    url = {https://doi.org/10.1145/2652524.2652564},
    doi = {10.1145/2652524.2652564},
    booktitle = {Proceedings of the 8th ACM/IEEE International Symposium on Empirical Software Engineering and Measurement},
    articleno = {30},
    numpages = {4},
    series = {ESEM '14}
}

@article{p:5,
    author = {Bissyand\'{e}, Tegawend\'{e} F. and Thung, Ferdian and Lo, David and Jiang, Lingxiao and R\'{e}veill\`{e}re, Laurent},
    title = {Popularity, Interoperability, and Impact of Programming Languages in 100,000 Open Source Projects},
    year = {2013},
    isbn = {9780769549866},
    publisher = {IEEE Computer Society},
    url = {https://doi.org/10.1109/COMPSAC.2013.55},
    doi = {10.1109/COMPSAC.2013.55},
    booktitle = {Proceedings of the 2013 IEEE 37th Annual Computer Software and Applications Conference},
    pages = {303–312},
    numpages = {10},
    series = {COMPSAC '13}
}

@misc{p:6,
      title={On the Popularity of GitHub Applications: A Preliminary Note}, 
      author={Hudson Borges and Marco Tulio Valente and Andre Hora and Jailton Coelho},
      year={2017},
      eprint={1507.00604},
      archivePrefix={arXiv},
      primaryClass={cs.SE},
      url={https://arxiv.org/pdf/1507.00604.pdf}
}

@article{p:7,
   title={Identifying unmaintained projects in github},
   ISBN={9781450358231},
   url={http://dx.doi.org/10.1145/3239235.3240501},
   DOI={10.1145/3239235.3240501},
   journal={Proceedings of the 12th ACM/IEEE International Symposium on Empirical Software Engineering and Measurement},
   publisher={ACM},
   author={Coelho, Jailton and Valente, Marco Tulio and Silva, Luciana L. and Shihab, Emad},
   year={2018},
   month={Oct}
}

@article{p:8,
   title={Why modern open source projects fail},
   ISBN={9781450351058},
   url={http://dx.doi.org/10.1145/3106237.3106246},
   DOI={10.1145/3106237.3106246},
   journal={Proceedings of the 2017 11th Joint Meeting on Foundations of Software Engineering},
   publisher={ACM},
   author={Coelho, Jailton and Valente, Marco Tulio},
   year={2017},
   month={Aug}
}

@article{p:9,
    author="Khondhu, Jymit
    and Capiluppi, Andrea
    and Stol, Klaas-Jan",
    editor="Petrinja, Etiel
    and Succi, Giancarlo
    and El Ioini, Nabil
    and Sillitti, Alberto",
    title="Is It All Lost? A Study of Inactive Open Source Projects",
    booktitle="Open Source Software: Quality Verification",
    year="2013",
    publisher="Springer Berlin Heidelberg",
    pages="61--79",
    isbn="978-3-642-38928-3"
}

@article{p:10,
    author = {Jiang, Jing and Lo, David and He, Jiahuan and Xia, Xin and Kochhar, Pavneet Singh and Zhang, Li},
    title = {Why and How Developers Fork What from Whom in GitHub},
    year = {2017},
    issue_date = {February  2017},
    publisher = {Kluwer Academic Publishers},
    address = {USA},
    volume = {22},
    number = {1},
    issn = {1382-3256},
    url = {https://doi.org/10.1007/s10664-016-9436-6},
    doi = {10.1007/s10664-016-9436-6},
    journal = {Empirical Softw. Engg.},
    month = feb,
    pages = {547–578},
    numpages = {32}
}

@article{p:11,
    author = {Yamashita, Kazuhiro and McIntosh, Shane and Kamei, Yasutaka and Ubayashi, Naoyasu},
    title = {Magnet or Sticky? An OSS Project-by-Project Typology},
    year = {2014},
    isbn = {9781450328630},
    publisher = {Association for Computing Machinery},
    url = {https://doi.org/10.1145/2597073.2597116},
    doi = {10.1145/2597073.2597116},
    booktitle = {Proceedings of the 11th Working Conference on Mining Software Repositories},
    pages = {344–347},
    numpages = {4},
    series = {MSR 2014}
}

@article{p:12,
    title = "A large scale study of long-time contributor prediction for GitHub projects",
    author = "Lingfeng Bao and Xin Xia and David Lo and Murphy, {Gail C.}",
    year = "2019",
    month = may,
    day = "23",
    doi = "10.1109/TSE.2019.2918536",
    journal = "IEEE Transactions on Software Engineering",
    issn = "0098-5589",
    publisher = "IEEE, Institute of Electrical and Electronics Engineers"
}

@article{p:13,
      title={Three Metrics to Explore the Openness of GitHub projects}, 
      author={Valerio Cosentino and Javier Luis Canovas Izquierdo and Jordi Cabot},
      year={2014},
      url={https://arxiv.org/pdf/2010.04366.pdf}
}

@article{p:14,
    author = {Jarczyk, Oskar and Gruszka, Błażej and Jaroszewicz, Szymon and Bukowski, Leszek and Wierzbicki, Adam},
    year = {2014},
    month = {11},
    pages = {80-94},
    title = {GitHub Projects. Quality Analysis of Open-Source Software},
    isbn = {978-3-319-13733-9},
    doi = {10.1007/978-3-319-13734-6_6}
}

@article{p:15,
    author = {John R. Hamilton, SingWhat Tee, Jason Holdsworth and Mohammad Azeez Alshomali},
    year = {2017},
    month = {12},
    pages = {47-52},
    title = {Analysing Big Data Projects Using Github and JavaScript Repositories},
    issn = {1683-0040},
    journal = {17th International Conference on Electronic Business},
    publisher = {AIS Electronic Library (AISeL)}
}

@article{p:16,
    author = {Avelino, Guilherme and Valente, Marco and Hora, Andre},
    year = {2015},
    month = {01},
    title = {What is the Truck Factor of popular GitHub applications? A first assessment},
    doi = {10.7287/PEERJ.PREPRINTS.1233}
}

@article{p:17,
    title={On the abandonment and survival of open source projects: An empirical investigation}, 
    author={Guilherme Avelino and Eleni Constantinou and Marco Tulio Valente and Alexander Serebrenik},
    year={2019}
}

@article{p:18,
    author = {Onoue, Saya and Kula, Raula and Hata, Hideaki and Matsumoto, Kenichi},
    year = {2017},
    month = {09},
    title = {The Health and Wealth of OSS Projects: Evidence from Community Activities and Product Evolution}
}

@article{p:19,
   title={A novel approach for estimating Truck Factors},
   ISBN={9781509014286},
   url={http://dx.doi.org/10.1109/ICPC.2016.7503718},
   DOI={10.1109/icpc.2016.7503718},
   journal={2016 IEEE 24th International Conference on Program Comprehension (ICPC)},
   publisher={IEEE},
   author={Avelino, Guilherme and Passos, Leonardo and Hora, Andre and Valente, Marco Tulio},
   year={2016},
   month={May}
}

@ONLINE{git-glossary,
  publisher = {Github},
  title     = {GitHub glossary},
  url       = {https://docs.github.com/en/github/getting-started-with-github/github-glossary},
  urldate   = {2021-3-08},
  langid    = {english}
}

@ARTICLE{top_dev,
    author = {Robles, Gregorio and Gonzalez-Barahona, Jesus and Herraiz, Israel},
    year = {2009},
    month = {05},
    pages = {167-170},
    title = {Evolution of the core team of developers in libre software projects},
    journal = {Proceedings of the 2009 6th IEEE International Working Conference on Mining Software Repositories, MSR 2009},
    doi = {10.1109/MSR.2009.5069497}
}

@ARTICLE{documentation,
    author = {Raza, Arif and Capretz, Luiz},
    year = {2010},
    month = {04},
    title = {Contributors Preference in Open Source Software Usability: An Empirical Study},
    volume = {1},
    journal = {International Journal of Software Engineering & Applications},
    url = {https://www.researchgate.net/publication/45718389_Contributors_Preference_in_Open_Source_Software_Usability_An_Empirical_Study},
    doi = {10.5121/ijsea.2010.1204}
}

@ARTICLE{newcomers,
    title = {Newcomer Candidate: Characterizing Contributions of a Novice Developer to GitHub}, 
    author = {Ifraz Rehman and Dong Wang and Raula Gaikovina Kula and Takashi Ishio and Kenichi Matsumoto},
    year = {2020},
    month = {08},
    eprint = {2008.02597},
    archivePrefix = {arXiv},
    url = {https://arxiv.org/abs/2008.02597},
    primaryClass = {cs.SE}
}

@ARTICLE{git_workflow,
    title = {Newcomer Candidate: Characterizing Contributions of a Novice Developer to GitHub}, 
    author = {Ifraz Rehman and Dong Wang and Raula Gaikovina Kula and Takashi Ishio and Kenichi Matsumoto},
    year = {2020},
    eprint = {2008.02597},
    archivePrefix = {arXiv},
    url = {https://arxiv.org/abs/2008.02597},
    primaryClass = {cs.SE}
}

@misc{repo,
  author = {Samuel Macko},
%   todo zmenit nazov na nieco normalne
  title = {Master thesis},
  year = {2021},
  publisher = {GitHub},
  journal = {GitHub repository},
  howpublished = {\url{https://github.com/samuelmacko/master_thesis}},
%   todo zmenit na posledny commit
  commit = {https://github.com/samuelmacko/master_thesis/commits/master}
}
